@article{testRef,
    author  = "test",
    title   = "test",
    year    = "2021",
}
